

@article{stack1998marital,
  title={Marital status and happiness: A 17-nation study},
  author={Stack, Steven and Eshleman, J Ross},
  journal={Journal of Marriage and the Family},
  pages={527--536},
  year={1998},
  publisher={JSTOR}
}
@article{lee1991marital,
  title={Marital status and personal happiness: An analysis of trend data},
  author={Lee, Gary R and Seccombe, Karen and Shehan, Constance L},
  journal={Journal of Marriage and the Family},
  pages={839--844},
  year={1991},
  publisher={JSTOR}
}
